@BOOK{Dorf,
author = "Дорф Р., Бишоп Р.",
title = "Современные системы управления",
address = "Москва",
publisher = "Лаборатория Базовых Знаний",
year = 2002,
numpages = 832,
language = "russian"
}

@BOOK{Micrin,
author = "Деменков Н.П., Микрин Е.А.",
title = "Управление в технических системах",
address = "Москва",
publisher = "Издательство МГТУ им. Н.Э.Баумана",
year = 2017,
numpages = 452,
language = "russian"
}

@BOOK{Popov,
author = "Попов Е.П.",
title = "Теория линейных систем автоматического регулирования и управления",
address = "Москва",
publisher = "Наука",
year = 1989,
numpages = 304,
language = "russian"
}